<?xml version="1.0" encoding="UTF-8"?>
<collection xmlns:xsi="http://www.w3.org/2001/XMLSchema-instance" xsi:schemaLocation="http://www.loc.gov/MARC21/slim http://www.loc.gov/standards/marcxml/schema/MARC21slim.xsd" xmlns="http://www.loc.gov/MARC21/slim">
<record>
  <leader>00924cam a2200229Mi 4500</leader>
  <controlfield tag="001">3068182</controlfield>
  <controlfield tag="003">NNC</controlfield>
  <controlfield tag="005">20130426015237.0</controlfield>
  <controlfield tag="008">861105m19599999ir            000 0 ara d</controlfield>
  <datafield tag="035" ind1=" " ind2=" ">
    <subfield code="a">(OCoLC)ocm16839737</subfield>
  </datafield>
  <datafield tag="035" ind1=" " ind2=" ">
    <subfield code="9">ATP0623CU</subfield>
  </datafield>
  <datafield tag="035" ind1=" " ind2=" ">
    <subfield code="a">(NNC)3068182</subfield>
  </datafield>
  <datafield tag="040" ind1=" " ind2=" ">
    <subfield code="a">NYP</subfield>
    <subfield code="c">NYP</subfield>
    <subfield code="d">ZCU</subfield>
  </datafield>
  <datafield tag="099" ind1=" " ind2=" ">
    <subfield code="a">893.7AL41</subfield>
    <subfield code="a">T5211</subfield>
  </datafield>
  <datafield tag="100" ind1="1" ind2=" ">
    <subfield code="a">Baḥrānī, Maytham ibn ʻAlī,</subfield>
    <subfield code="d">-1280?</subfield>
  </datafield>
  <datafield tag="245" ind1="1" ind2="0">
    <subfield code="a">Sharḥ Nahj al-balāghah /</subfield>
    <subfield code="c">li-Kamāl al-Dīn Maytham ibn ʻAlī ibn Maytham al-Baḥrānī. ʻUniya bi-taṣḥīḥihi ʻiddah min al-afāḍil wa-qūbila biʻiddat nusakh mawthūq bihā.</subfield>
  </datafield>
  <datafield tag="260" ind1=" " ind2=" ">
    <subfield code="a">Ṭihrān :</subfield>
    <subfield code="b">Manshūrāt Muʾassasat al-Naṣr,</subfield>
    <subfield code="c">1378- [1959-</subfield>
  </datafield>
  <datafield tag="300" ind1=" " ind2=" ">
    <subfield code="a">v. ;</subfield>
    <subfield code="c">25 cm.</subfield>
  </datafield>
  <datafield tag="500" ind1=" " ind2=" ">
    <subfield code="a">In Arabic.</subfield>
  </datafield>
  <datafield tag="600" ind1="0" ind2="0">
    <subfield code="a">ʻAlī ibn Abī Ṭālib,</subfield>
    <subfield code="c">Caliph,</subfield>
    <subfield code="d">approximately 600-661.</subfield>
  </datafield>
  <datafield tag="600" ind1="1" ind2="0">
    <subfield code="a">Sharīf al-Raḍī, Muḥammad ibn al-Ḥusayn,</subfield>
    <subfield code="d">969 or 970-1016.</subfield>
    <subfield code="t">Nahj al-balāghah.</subfield>
  </datafield>
  <datafield tag="955" ind1=" " ind2=" ">
    <subfield code="b">0068855176</subfield>
    <subfield code="d">glx</subfield>
    <subfield code="e">893.7AL41 T5211</subfield>
    <subfield code="v">v.1</subfield>
  </datafield>
</record>
</collection>